<record><leader>00000cas a22000007a 4500</leader><controlfield tag="001">33382816</controlfield><controlfield tag="008">951027d19151915cauwr ne      0    0eng d</controlfield><datafield ind1=" " ind2=" " tag="010"><subfield code="a">sn 95062137 </subfield></datafield><datafield ind1=" " ind2=" " tag="040"><subfield code="a">CNK</subfield><subfield code="b">eng</subfield><subfield code="c">CNK</subfield><subfield code="d">OCLCQ</subfield><subfield code="d">OCLCF</subfield><subfield code="d">OCLCO</subfield></datafield><datafield ind1="1" ind2=" " tag="029"><subfield code="a">AU@</subfield><subfield code="b">000025872544</subfield></datafield><datafield ind1=" " ind2=" " tag="042"><subfield code="a">msc</subfield></datafield><datafield ind1=" " ind2=" " tag="043"><subfield code="a">n-us-ca</subfield></datafield><datafield ind1="0" ind2="0" tag="245"><subfield code="a">Fellows driller.</subfield></datafield><datafield ind1=" " ind2=" " tag="260"><subfield code="a">Fellows, Kern County, Calif. :</subfield><subfield code="b">W.H. Waddell</subfield></datafield><datafield ind1=" " ind2=" " tag="300"><subfield code="a">v.</subfield></datafield><datafield ind1=" " ind2=" " tag="310"><subfield code="a">Weekly</subfield></datafield><datafield ind1="0" ind2=" " tag="362"><subfield code="a">Vol. 3, no. 13 (Mar. 2, 1915).</subfield></datafield><datafield ind1=" " ind2="0" tag="651"><subfield code="a">Fellows (Calif.)</subfield><subfield code="v">Newspapers.</subfield></datafield><datafield ind1=" " ind2="7" tag="655"><subfield code="a">Newspapers.</subfield><subfield code="2">fast</subfield><subfield code="0">(OCoLC)fst01423814</subfield></datafield><datafield ind1=" " ind2="7" tag="651"><subfield code="a">California</subfield><subfield code="z">Fellows.</subfield><subfield code="2">fast</subfield><subfield code="0">(OCoLC)fst01249785</subfield></datafield><datafield ind1=" " ind2=" " tag="752"><subfield code="a">United States</subfield><subfield code="b">California</subfield><subfield code="c">Kern</subfield><subfield code="d">Fellows.</subfield></datafield><datafield ind1="0" ind2="0" tag="780"><subfield code="t">Fellows courier</subfield><subfield code="w">(DLC)sn 95062136</subfield></datafield><datafield ind1="0" ind2="0" tag="785"><subfield code="t">Fellows driller and courier</subfield><subfield code="w">(DLC)sn 95062138</subfield></datafield></record>